@BOOK{SANDERS:19,
    AUTHOR    = "Sanders, P. and Mehlhorn, K. and Dietzfelbinger, M. and Dementiev, R.",
    TITLE     = "Sequential and Parallel Algorithms and Data Structures - The Basic Toolbox",
    PUBLISHER = "Springer",
    YEAR      = "2019",
    MONTH     = "8",
    EDITION   = "1",
    ISBN      = "978-3-030-25208-3"
}

@BOOK{BOLES:08,
    AUTHOR    = "Dietrich Boles",
    TITLE     = "â€žParallele Programmierung spielend gelernt mit dem Java-Hamster-Modell: Programmierung mit Java-Threads",
    PUBLISHER = "Vieweg+Teubner",
    ADDRESS   = "Wiesbaden",
    YEAR      = "2008",
    ISBN      = "978-8348-0229-3,"
}

@ONLINE{techjury:20,
  AUTHOR       = {Jacquelyn Bulao},
  HOWPUBLISHED = {article},
  MONTH        = 5,
  TITLE        = {How Much Data Is Created Every Day in 2020?},
  YEAR         = {2020},
  URL          = {https://techjury.net/blog/how-much-data-is-created-every-day/#gref},
  NOTE         = {Zuletzt besucht am 21.11.2020}
  }
